19208 26256
847 673 53 165 A

820 806 140 247 •t

1113 806 270 238 J.

1028 1023 90 293 9

1270 1156 83 92 aft

980 1406 330 293 win

1208 1823 287 238 V-,

855 2056 548 238 *,JS

762 2206 581 393 kh.Si-rij

802 3006 315 293 jP

790 4139 368 330 .#/•

828 4423 324 165 4-Y

813 4489 189 165 ,Mm

1090 4506 63 110 4-

953 5323 92 165 5?

778 5756 304 165 BBSs©-

797 6056 233 165 •iS.yJ''

793 6473 230 165 Yl

820 6956 183 238 f.

788 17039 162 165 i-,

962 17156 36 165 I

802 17506 281 275 'X

740 20539 327 294 W.

773 23656 694 330 !ii|i

1057 24089 420 165 .^v

855 24356 613 660 in

867 24906 680 660 lIllS

1787 3206 701 513 NOTES
2677 3206 271 513 BY
3168 3206 407 513 CO.
3745 3206 678 513 SUPT.

1927 3923 218 165 We
2205 3923 220 165 are
2488 3923 129 165 in
2678 3923 465 165 receipt
3205 3923 127 165 of
3408 3923 84 165 a
3557 3923 193 165 set
3813 3923 127 165 of
4010 3923 397 165 arith-

1768 4089 374 165 etmic
2252 4089 363 165 cards
2728 4089 165 165 on
3007 4089 395 165 which
3512 4089 220 165 are
3922 4089 483 165 printed

1775 4256 473 165 "Think
2372 4256 748 165 Problems."
3265 4256 333 165 Each
3718 4256 292 165 card
4127 4256 285 165 con-

1773 4423 342 165 tains
2155 4423 223 165 five
2537 4423 650 165 problems,
3278 4423 232 165 one
3605 4423 128 165 in
3820 4423 590 165 addition,

1778 4606 230 165 ona
2085 4606 128 165 in
2285 4606 802 165 subtraction,
3162 4606 231 165 one
3473 4606 129 165 in
3670 4606 745 165 multiplica-

1773 4773 274 165 tion
2153 4773 245 165 and
2505 4773 232 165 one
2848 4773 125 165 in
3082 4773 566 165 division.
3793 4773 390 165 There
4300 4773 110 165 is

1778 4939 235 165 one
2102 4939 358 165 extra
2557 4939 540 165 problem
3193 4939 160 165 on
3445 4939 300 165 each
3838 4939 290 165 c^rd
4225 4939 187 165 in-

1775 5106 502 165 volving
2338 5106 232 165 one
2630 5106 127 165 of
2833 5106 212 165 the
3108 5106 389 165 above
3558 5106 439 165 named
4062 5106 356 165 oper-

1777 5289 451 165 ations.
2378 5289 337 165 They
2813 5289 220 165 ara
3128 5289 662 165 especially
3888 5289 529 165 suitable

1773 5456 214 165 for
2057 5456 281 165 drill
2415 5456 333 165 work
2828 5456 129 165 in
3025 5456 212 165 the
3307 5456 431 165 fourth
3813 5456 240 165 and
4088 5456 260 165 fifth

1782 5623 495 165 grades.
2422 5623 395 165 There
2928 5623 115 165 is
3140 5623 275 165 also
3592 5623 170 165 an
3928 5623 487 165 answer

1778 5789 304 165 card
2177 5789 281 165 that
2558 5789 247 165 will
2895 5789 390 165 assist
3383 5789 219 165 the
3693 5789 499 165 teacher
4292 5789 126 165 in

1780 5956 695 165 correcting
2568 5956 487 165 quickly
3152 5956 448 165 during
3692 5956 326 165 class
4112 5956 315 165 reci-

1778 6123 410 165 tation
2252 6123 143 165 or
2463 6123 325 165 later
2855 6123 93 165 if
3027 6123 216 165 tha
3308 6123 359 165 cards
3732 6123 311 165 have
4110 6123 312 165 been

1785 6289 308 165 used
2185 6289 210 165 for
2487 6289 213 165 the
2788 6289 504 165 regular
3385 6289 500 165 written
3978 6289 445 165 lesson.

1785 6473 397 165 These
2237 6473 366 165 cards
2640 6473 285 165 give
2992 6473 310 165 «ach
3360 6473 340 165 pupil
3763 6473 655 165 individual

1787 6639 661 165 problems.
2580 6639 295 165 This
2978 6639 109 165 is
3183 6639 82 165 a
3363 6639 359 165 great
3823 6639 602 165 incentive

1783 6806 144 165 to
1995 6806 428 165 REAL
2487 6806 613 165 thinking.
3245 6806 607 165 Teachers
3912 6806 233 165 can
4212 6806 218 165 get

1787 6973 263 165 this
2123 6973 200 165 set
2397 6973 128 165 of
2608 6973 684 165 forty-nine
3368 6973 364 165 cards
3805 6973 328 165 from
4215 6973 218 165 the

1798 7139 500 165 author,
2415 7139 325 165 Etha
2867 7139 168 165 M.
3158 7139 524 165 Lucken,
3807 7139 620 165 Portland,

1797 7306 165 165 N.
2048 7306 187 165 D.,
2308 7306 207 165 for
2600 7306 377 165 $1.00.

2890 7489 478 165 Notice.

1790 7656 185 165 To
2012 7656 211 165 the
2280 7656 323 165 Boys
2638 7656 242 165 and
2937 7656 333 165 Girls
3307 7656 126 165 of
3510 7656 397 165 North
3942 7656 475 165 Dakota

1960 7823 327 165 Hera
2360 7823 110 165 is
2535 7823 83 165 a
2687 7823 451 165 chance
3198 7823 209 165 for
3478 7823 240 165 you
3788 7823 135 165 to
3985 7823 305 165 earn
4352 7823 83 165 a

1797 7989 308 165 cash
2182 7989 340 165 prize
2598 7989 124 165 of
2813 7989 487 165 $25.00.

1958 8156 259 165 The
2290 8156 412 165 North
2787 8156 478 165 Dakota
3353 8156 762 165 Dairymen's
4200 8156 240 165 and

1808 8323 970 165 Buttermaker's
2870 8323 775 165 Association
3732 8323 110 165 is
3930 8323 515 165 sending

1803 8489 264 165 this
2107 8489 403 165 notice
2573 8489 139 165 to
2750 8489 213 165 the
3020 8489 307 165 boys
3363 8489 245 165 and
3677 8489 310 165 girls
4025 8489 125 165 of
4233 8489 209 165 the

1808 8673 337 165 state
2183 8673 627 165 notifying
2885 8673 328 165 them
3277 8673 278 165 that
3613 8673 327 165 their
3977 8673 451 165 annual

1802 8839 608 165 "ESSAY
2498 8839 814 165 CONTEST"
3387 8839 243 165 will
3717 8839 146 165 ba
3955 8839 278 165 held
4322 8839 121 165 in

1810 9006 720 165 connection
2598 9006 304 165 with
2977 9006 216 165 the
3272 9006 290 165 26th
3637 9006 450 165 annual
4170 9006 282 165 con-

1810 9173 503 165 vention
2390 9173 120 165 of
2602 9173 211 165 the
2890 9173 813 165 Association.
3833 9173 255 165 The
4165 9173 285 165 sub-

1825 9339 245 165 ject
2158 9339 449 165 chosen
2687 9339 208 165 for
2975 9339 252 165 this
3317 9339 303 165 year
3707 9339 111 165 is
3898 9339 167 165 an
4147 9339 298 165 easy

1817 9506 233 165 one
2085 9506 138 165 to
2288 9506 355 165 write
2682 9506 156 165 on
2898 9506 247 165 and
3195 9506 433 165 should
3683 9506 150 165 be
3885 9506 125 165 of
4075 9506 380 165 intar-

1815 9689 203 165 est
2092 9689 143 165 to
2303 9689 219 165 the
2593 9689 412 165 young
3080 9689 430 165 people
3585 9689 125 165 of
3795 9689 213 165 the
4078 9689 377 165 state.

1975 9856 250 165 The
2313 9856 400 165 North
2802 9856 478 165 Dakota
3365 9856 762 165 Dairymen's
4213 9856 240 165 and

1820 10023 935 165 Buttermakers
2827 10023 780 165 Association
3668 10023 272 165 also
4008 10023 447 165 invitas

1822 10189 251 165 you
2148 10189 245 165 and
2478 10189 305 165 your
2865 10189 507 165 parents
3448 10189 240 165 and
3767 10189 480 165 friends
4325 10189 135 165 to

1820 10356 437 165 attend
2365 10356 170 165 its
2640 10356 293 165 26th
3100 10356 453 165 annual
3738 10356 724 165 convention

1823 10523 395 165 which
2287 10523 243 165 will
2592 10523 168 165 be.
2792 10523 280 165 held
3142 10523 145 165 at
3353 10523 534 165 Mandan
3952 10523 158 165 On
4172 10523 288 165 Feb.

1825 10706 302 165 17th
2200 10706 245 165 and
2520 10706 335 165 18th.
3007 10706 271 165 You
3350 10706 252 165 will
3683 10706 337 165 want
4097 10706 138 165 to
4313 10706 149 165 be

1818 10873 90 165 a
2017 10873 548 165 member
2663 10873 132 165 of
2907 10873 263 165 this
3270 10873 747 165 association
4123 10873 337 165 some

1815 11039 687 165 day—why
2568 11039 222 165 not
2852 11039 330 165 meet
3248 11039 300 165 with
3618 11039 157 165 us
3837 11039 255 165 this
4167 11039 296 165 year

1825 11206 252 165 and
2150 11206 305 165 hear
2533 11206 335 165 some
2945 11206 127 165 of
3157 11206 216 165 the
3448 11206 335 165 talks
3860 11206 278 165 that
4218 11206 247 165 will

1828 11373 157 165 be
2045 11373 368 165 given
2472 11373 166 165 by
2702 11373 340 165 some
3107 11373 123 165 of
3305 11373 217 165 the
3585 11373 273 165 best
3920 11373 552 165 authori-

1828 11539 247 165 ties
2147 11539 160 165 on
2377 11539 665 165 dairying?

2325 11706 530 165 RULES
2950 11706 212 165 OP
3253 11706 737 165 CONTEST

1985 11889 120 165 1.
2207 11889 311 165 Who
2608 11889 295 165 may
2995 11889 452 165 entar?
3607 11889 280 165 Any
3988 11889 242 165 boy
4330 11889 142 165 or

1835 12056 247 165 girl
2175 12056 552 165 between
2815 12056 213 165 the
3118 12056 309 165 ages
3517 12056 128 165 of
3743 12056 154 165 12
3983 12056 250 165 and
4320 12056 152 165 18

1837 12223 375 165 years
2292 12223 626 165 inclusive,
2993 12223 279 165 who
3350 12223 117 165 is
3547 12223 81 165 a
3708 12223 550 165 resident
4332 12223 128 165 of

1832 12389 303 165 this,
2175 12389 377 165 state.

1992 12556 116 165 2.
2145 12556 503 165 Subject
2710 12556 127 165 of
2897 12556 851 165 essay—"The
3805 12556 333 165 Food
4173 12556 232 165 Val

1830 12739 170 165 ue
2070 12739 127 165 of
2285 12739 303 165 Milk
2660 12739 245 165 and
2938 12739 225 165 \Its
3248 12739 717 165 Products."

1997 12906 111 165 3.
2162 12906 263 165 The
2480 12906 430 165 length
2970 12906 127 165 of
3165 12906 217 165 the
3437 12906 370 165 essay
3845 12906 342 165 must
4262 12906 213 165 not

1833 13073 452 165 exceed
2353 13073 342 165 1,000
2767 13073 441 165 words.

2000 13239 108 165 4.
2182 13239 263 165 The
2512 13239 375 165 essay
2952 13239 338 165 must
3358 13239 162 165 be
3587 13239 218 165 the
3877 13239 395 165 result
4340 13239 128 165 of

1840 13406 315 165 your
2232 13406 375 165 study
2680 13406 128 165 of
2892 13406 213 165 the
3180 13406 520 165 subject.
3848 13406 274 165 You
4192 13406 290 165 may

1847 13589 215 165 pet
2145 13589 312 165 your
2532 13589 798 165 information
3402 13589 331 165 from
3810 13589 248 165 any
4132 13589 351 165 book,

1843 13756 564 165 bulletin,
2520 13756 423 165 paper,
3057 13756 140 165 or
3307 13756 543 165 person,"
3903 13756 229 165 but
4248 13756 234 165 you

1838 13923 227 165 are
2123 13923 140 165 to
2302 13923 538 165 arrange
2895 13923 263 165 this
3198 13923 135 165 in
3397 13923 311 165 your
3743 13923 277 165 own
4077 13923 405 165 words

1843 14089 250 165 and
2163 14089 459 165 submit
2698 14089 100 165 it
2872 14089 126 165 in
3073 14089 312 165 your
3452 14089 278 165 own
3802 14089 535 165 writing.

2007 14256 110 165 5.
2222 14256 390 165 Write
2723 14256 305 165 your
3130 14256 405 165 name,
3628 14256 515 165 addrass
4245 14256 237 165 and

1842 14423 250 165 age
2150 14423 145 165 at
2357 14423 216 165 the
2633 14423 232 165 end
2930 14423 127 165 of
3138 14423 310 165 your
3505 14423 415 165 essay.

2005 14589 115 165 6.
2182 14589 258 165 The
2505 14589 438 165 essays
3002 14589 336 165 must
3408 14589 152 165 be
3622 14589 451 165 mailed
4140 14589 138 165 to
4342 14589 150 165 O.

1850 14773 165 165 A.
2077 14773 506 165 Barton,
2648 14773 372 165 Boys'
3057 14773 245 165 and
3382 14773 386 165 Girls'
3830 14773 307 165 Club
4205 14773 290 165 Lec-

1848 14939 394 165 turer,
2280 14939 843 165 Agricultural
3192 14939 535 165 College,
3785 14939 400 165 North
4248 14939 184 165 Da

1857 15106 341 165 kota,
2315 15106 140 165 to
2560 15106 378 165 reach
3048 15106 257 165 him
3422 15106 216 165 not
3757 15106 323 165 later
4193 15106 305 165 than

1857 15273 291 165 Feb.
2185 15273 337 165 10th.
2687 15273 471 165 Essays
3198 15273 555 165 received
3818 15273 345 165 after
4203 15273 274 165 that

1852 15439 313 165 time
2237 15439 450 165 cannot
2765 15439 152 165 be
2990 15439 707 165 considered
3775 15439 208 165 for
4057 15439 440 165 prizas.

2015 15606 110 165 7.
2187 15606 258 165 The
2508 15606 434 165 essays
3007 15606 246 165 will
3320 15606 152 165 be
3533 15606 605 165 carefully
4175 15606 285 165 read

1852 15789 251 165 and
2162 15789 463 165 graded
2683 15789 169 165 by
2907 15789 85 165 a
3048 15789 699 165 competent
3800 15789 695 165 committer

1857 15956 476 165 headed
2398 15956 169 165 by
2645 15956 148 165 O.
2868 15956 155 165 A.
3098 15956 505 165 Barton.

2013 16123 119 165 8.
2207 16123 541 165 Prizes:-
2828 16123 339 165 First
3248 16123 357 165 Prize
4053 16123 450 165 $25.00

2052 16289 75 165 ,•
2852 16289 461 165 Second
3400 16289 353 165 Prize
3843 16289 122 165 ..
4062 16289 441 165 $15.00

2747 16456 378 165 Third
3192 16456 353 165 Prize
4053 16456 454 165 $10.00

2023 16623 210 165 AH
2297 16623 340 165 prize
2693 16623 445 165 money
3198 16623 252 165 will
3517 16623 155 165 ba
3733 16623 289 165 paid
4082 16623 221 165 out
4365 16623 127 165 of

1850 16789 88 165 a
2015 16789 315 165 fund
2393 16789 869 165 appropriated
3328 16789 170 165 by
3565 16789 217 165 the
3845 16789 337 165 state
4248 16789 264 165 leg-

1868 16973 525 165 islature
2477 16973 138 165 to
2697 16973 216 165 the
3005 16973 408 165 North
3498 16973 479 165 Dakota
4070 16973 413 165 Dairy-

1857 17139 405 165 men's
2337 17139 248 165 and
2668 17139 980 165 Buttermakers'
3735 17139 775 165 Association

1867 17306 216 165 for
2123 17306 592 165 carrying
2770 17306 160 165 on
2965 17306 175 165 its
3202 17306 660 165 campaign
3898 17306 214 165 for
4170 17306 343 165 more

1868 17489 655 165 profitable
2602 17489 615 165 dairying.

2010 17656 263 165 The
2373 17656 344 165 prize
2817 17656 541 165 winning
3460 17656 372 165 essay
3930 17656 252 165 will
4357 17656 156 165 be

1870 17823 307 165 read
2255 17823 143 165 at
2485 17823 217 165 the
2785 17823 537 165 Mandan
3398 17823 724 165 convention
4200 17823 152 165 as
4423 17823 92 165 a

1873 17989 294 165 part
2233 17989 127 165 of
2433 17989 212 165 the
2705 17989 505 165 regular
3273 17989 622 165 program,
3953 17989 245 165 and
4263 17989 247 165 will

1872 18173 500 165 become
2440 18173 83 165 a
2600 18173 287 165 part
2957 18173 131 165 of
3167 18173 225 165 the
3462 18173 721 165 permanent
4245 18173 273 165 rec-

1878 18339 227 165 ord
2140 18339 132 165 of
2357 18339 216 165 the
2628 18339 785 165 association.
3557 18339 126 165 It
3723 18339 245 165 will
4040 18339 272 165 also
4350 18339 152 165 be

1875 18506 502 165 printed
2458 18506 130 165 in
2667 18506 218 165 the
2970 18506 483 165 Annual
3542 18506 461 165 Report
4082 18506 126 165 of
4305 18506 217 165 the

1875 18673 755 165 association
2692 18673 250 165 and
3007 18673 633 165 published
3713 18673 129 165 in
3907 18673 218 165 the
4188 18673 339 165 lead-

1887 18839 225 165 ing
2185 18839 787 165 newspapers
3043 18839 132 165 of
3267 18839 218 165 the
3563 18839 375 165 state,
4010 18839 157 165 as
4242 18839 276 165 well

1873 19023 165 165 as
2118 19023 135 165 in
2343 19023 384 165 Dairy
2807 19023 246 165 and
3142 19023 841 165 Agricultural
4067 19023 451 165 papers

1883 19189 137 165 of
2098 19189 219 165 the
2390 19189 463 165 United
2920 19189 472 165 States.

2042 19389 258 165 The
2397 19389 605 165 Hazelton
3093 19389 482 165 schools
3667 19389 315 165 have
4078 19389 414 165 organ'

1888 19556 269 165 ized
2223 19556 84 165 a
2375 19556 468 165 Pupils'
2908 19556 547 165 Reading
3522 19556 395 165 Circle
3985 19556 248 165 and
4293 19556 232 165 one

1878 19723 559 165 hundred
2472 19723 245 165 and
2777 19723 351 165 three
3165 19723 325 165 have
3545 19723 440 165 joined.
4130 19723 395 165 There

1897 19906 115 165 is
2098 19906 160 165 no
2345 19906 407 165 better
2833 19906 642 165 means-of
3573 19906 742 165 cultivating
4400 19906 128 165 in

1885 20073 557 165 children
2478 20073 84 165 a
2633 20073 332 165 taste
3005 20073 213 165 for
3285 20073 320 165 good
3658 20073 559 165 reading.
4253 20073 260 165 The

1888 20239 395 165 books
2373 20239 139 165 to
2600 20239 152 165 be
2847 20239 298 165 read
3232 20239 228 165 are
3548 20239 357 165 those
3997 20239 531 165 selected

1897 20406 170 165 by
2148 20406 217 165 the
2440 20406 468 165 Pupils'
2980 20406 555 165 Reading
3617 20406 391 165 Circle
4093 20406 400 165 Board

1903 20573 395 165 When
2333 20573 80 165 a
2485 20573 338 165 pupil
2878 20573 234 165 has
3148 20573 309 165 read
3515 20573 83 165 a
3637 20573 481 165 certain
4182 20573 295 165 num

1900 20756 227 165 bar
2210 20756 130 165 of
2432 20756 386 165 books
2898 20756 159 165 he
3142 20756 281 165 gets
3503 20756 84 165 a
3673 20756 535 165 diploma
4280 20756 257 165 and

1897 20923 695 165 thereafter
2650 20923 213 165 for
2925 20923 305 165 each
3288 20923 667 165 additional
4027 20923 510 165 number

1902 21089 130 165 of
2120 21089 387 165 books
2582 21089 576 165 different
3230 21089 483 165 colored
3793 21089 327 165 seals

2053 21289 264 165 The
2377 21289 561 165 teachers
3005 21289 127 165 of
3213 21289 220 165 the
3497 21289 661 165 Buchanan
4230 21289 257 165 Con

1905 21456 608 165 solidated
2585 21456 413 165 school
3063 21456 225 165 are
3362 21456 503 165 serving
3887 21456 265 165 Jiot
4222 21456 323 165 noon

1913 21623 507 165 lunches
2485 21623 245 165 and
2800 21623 217 165 the
3088 21623 294 165 plan
3452 21623 115 165 is
3635 21623 892 165 working-fine,

2062 21789 258 165 The
2388 21789 290 165 Hull
2745 21789 410 165 school
3220 21789 115 165 is
3377 21789 280 165 also
3728 21789 590 165 planning
4382 21789 168 165 on

1908 21973 512 165 serving
2507 21973 220 165 hot
2818 21973 320 165 noon
3220 21973 548 165 lunches.

2073 22173 530 165 Earnest
2673 22173 645 165 Jacobson,
3387 22173 671 165 Braddock,
4132 22173 160 165 N.

1908 22339 434 165 writes
2382 22339 160 165 us
2582 22339 286 165 that
2907 22339 160 165 he
3103 22339 249 165 will
3390 22339 312 165 need
3737 22339 353 165 three
4127 22339 426 165 teach-

1908 22506 215 165 ers
2212 22506 218 165 for
2523 22506 329 165 their
2937 22506 346 165 rural
3380 22506 525 165 schools.
4047 22506 508 165 Schools

1915 22689 340 165 start
2323 22689 222 165 the
2583 22689 252 165 first
2957 22689 290 165 part
3312 22689 131 165 of
3530 22689 352 165 April
3952 22689 246 165 and
4265 22689 260 165 con'

1918 22856 354 165 tinue
2352 22856 755 165 throughout
3178 22856 222 165 the
3477 22856 543 165 summer
4093 22856 309 165 with
4472 22856 88 165 a

1923 23023 442 165 month
2428 23023 132 165 of
2645 23023 568 165 vacation
3283 23023 380 165 about
3730 23023 335 165 July.
4218 23023 344 165 None

1923 23189 232 165 but
2228 23189 797 165 experienced
3092 23189 571 165 teachers
3735 23189 303 165 with
4105 23189 397 165 certifi

1923 23356 355 165 cates
2318 23356 312 165 need
2690 23356 422 165 apply.
3252 23356 303 165 This
3613 23356 245 165 will
3915 23356 158 165 be
4127 23356 171 165 tui
4333 23356 162 165 op

1935 23523 643 165 porturiity
2653 23523 210 165 for
2940 23523 568 165 teachers
3545 23523 537 165 finishing
4240 23523 330 165 their

1933 23706 399 165 terms
2408 23706 382 165 about
2878 23706 357 165 April

3608 23789 54 165 "V
3760 23789 100 165 'V

4027 23789 33 110 1

2093 23889 255 165 The
2457 23889 405 165 Board
2965 23889 148 165 of
3208 23889 1034 165 Administration
4338 23889 237 165 has

1940 24073 388 165 taken
2383 24073 357 165 away
2800 24073 232 165 our
3095 24073 772 165 supervision
3922 24073 128 165 of
4135 24073 450 165 pupilB*

1943 24239 442 165 eighth
2460 24239 388 165 grade
2928 24239 895 165 examinations
3907 24239 130 165 in
4110 24239 172 165 all
4358 24239 219 165 the

1947 24423 483 165 schools
2495 24423 223 165 but
2783 24423 222 165 the
3065 24423 628 165 one-room
3757 24423 451 165 school.
4340 24423 247 165 Ev-

1948 24589 234 165 ery
2245 24589 405 165 school
2717 24589 463 165 having
3245 24589 250 165 two
3558 24589 142 165 or
3762 24589 343 165 more
4168 24589 357 165 teach

3257 24756 441 165 blanks
3762 24756 160 165 on
3995 24756 392 165 which
4448 24756 147 165 to

4845 9339 547 239 There
5507 9339 291 239 are
5922 9339 918 239 thousands
6957 9339 170 239 of
7267 9339 623 239 Jewish
8012 9339 436 239 fam-

4857 9539 380 239 ilies
5317 9539 176 239 in
5592 9539 713 239 Europe,
6390 9539 565 239 whose
7048 9539 394 239 only
7538 9539 485 239 home
8105 9539 157 239 is
8338 9539 110 239 a

4858 9739 417 239 rude
5352 9739 353 239 cart
5783 9739 430 239 open
6293 9739 184 239 to
6535 9739 282 239 the
6900 9739 560 239 snows
7515 9739 332 239 and
7950 9739 507 239 rains.

4853 9939 465 239 They
5398 9939 430 239 must
5883 9939 389 239 face
6362 9939 286 239 the
6727 9939 586 239 wintry
7388 9939 524 239 blasts
7968 9939 475 239 with­

4897 12939 431 239 Give
5418 12939 204 239 as
5700 12939 493 239 much
6292 12939 601 239 money
6982 12939 200 239 as
7270 12939 332 239 you
7690 12939 320 239 can
8115 12939 377 239 pos-

4883 13139 447 239 sibly
5387 13139 615 239 afford.
6147 13139 980 239 Remember
7160 13139 300 239 the
7520 13139 427 239 most
8000 13139 505 239 beau-

4897 13339 393 239 tiful
5348 13339 480 239 thing
5863 13339 179 239 in
6098 13339 312 239 life
6447 13339 153 239 is
6657 13339 1180 239 charity—and
7893 13339 597 239 money

4892 13539 161 239 is
5113 13539 392 239 only
5583 13539 449 239 good
6108 13539 282 239 for
6450 13539 287 239 the
6835 13539 898 239 happiness
7790 13539 137 239 it
8020 13539 472 239 buys.

4908 13756 512 238 What
5545 13756 530 238 better
6195 13756 295 238 use
6603 13756 492 238 could
7218 13756 327 238 you
7673 13756 287 238 put
8075 13756 412 238 your

6283 14806 164 293 ti

4598 16373 364 165 make
5065 16373 793 165 requisitions
5967 16373 205 165 for
6285 16373 670 165 questions.
7105 16373 108 165 If

4582 16539 351 165 there
4970 16539 117 165 is
5128 16539 250 165 any
5415 16539 567 165 question
6017 16539 278 165 that
6333 16539 357 165 these
6748 16539 482 165 schools

4598 16706 307 165 wish
4973 16706 139 165 to
5178 16706 357 165 know
5600 16706 378 165 about
6048 16706 217 165 the
6330 16706 902 165 examinations

4600 16889 417 165 please
5055 16889 162 165 do
5268 16889 222 165 not
5528 16889 230 165 ask
5825 16889 153 165 us
6017 16889 226 165 but
6302 16889 363 165 write
6703 16889 522 165 directly

4597 17056 141 165 to
4817 17056 148 165 E.
5043 17056 140 165 P.
5262 17056 416 165 Crain,
5757 17056 798 165 Educational
6637 17056 601 165 Commis-

4602 17223 310 165 sion,
4977 17223 673 165 Bismarck,
5713 17223 155 165 N.
5938 17223 147 165 D.
6237 17223 575 165 Renewal'
6845 17223 147 165 of
7055 17223 175 165 all

4605 17389 753 165 elementary
5433 17389 742 165 (certificates
6252 17389 408 165 which,
6723 17389 302 165 used
7105 17389 130 165 to

4605 17573 152 165 be
4820 17573 133 165 in
5013 17573 230 165 our
5307 17573 396 165 hands
5765 17573 333 165 must
6163 17573 272 165 also
6500 17573 152 165 be
6718 17573 315 165 done
7095 17573 138 165 at

4612 17739 675 165 Bismarck.
5437 17739 108 165 If
5642 17739 243 165 you
5965 17739 347 165 think
6402 17739 243 165 you
6723 17739 227 165 ars
7030 17739 213 165 en-

4608 17906 360 165 titled
5065 17906 142 165 to
5298 17906 315 165 have
5715 17906 305 165 your
6113 17906 672 165 certificate
6883 17906 354 165 write

4608 18073 384 165 them.

4598 7956 1305 660 Suppose
6212 7956 618 660 You
7162 7956 633 660 Had
8133 7956 429 660 No
8873 7956 902 660 Home
10105 7956 538 660 But
10967 7956 195 660 a

5397 8589 428 660 No
6042 8589 731 660 Roof
6970 8589 768 660 Over
7932 8589 766 660 Your
8905 8589 802 660 Head
9905 8589 530 660 But
10635 8589 492 660 the
11303 8589 600 660 Sky

5378 10323 412 330 Six
5998 10323 909 330 Million
7105 10323 982 330 Human
8288 10323 852 330 Beings
9337 10323 506 330 Are
10030 10323 1223 330 Suffering
11438 10323 419 330 the

5917 10639 1145 330 Tortures
7200 10639 245 330 of
7623 10639 1035 330 Disease,
8765 10639 988 330 Hunger
9893 10639 495 330 and
10552 10639 790 330 Death

4860 11056 185 238 in
5125 11056 293 238 the
5497 11056 980 238 devastated
6567 11056 841 238 countries
7485 11056 170 238 of
7763 11056 702 238 Poland,

4870 11256 710 238 Galicia,
5678 11256 882 238 Rumania,
6658 11256 880 238 Lithuania
7642 11256 338 238 and
8090 11256 378 238 Pal-

4865 11456 597 238 estine.
5620 11456 360 238 The
6037 11456 561 238 pitiful
6675 11456 528 238 plight
7260 11456 172 238 of
7520 11456 467 238 these
8043 11456 407 238 poor

4873 11656 1162 238 unfortunates
6093 11656 157 238 is
6308 11656 227 238 no
6590 11656 442 238 fault
7092 11656 168 238 of
7348 11656 1114 238 theirs—they

4870 11856 298 238 are
5305 11856 112 238 a
5565 11856 860 238 harmless,
6563 11856 882 238 industrial
7597 11856 378 238 race
8118 11856 347 238 and

4873 12056 299 238 are
5272 12056 788 238 innocent
6177 12056 656 238 victims
6932 12056 171 238 of
7230 12056 1243 238 circumstance.

4758 18256 255 165 The
5070 18256 637 165 following
5768 18256 415 165 pupils
6220 18256 552 165 received
6847 18256 395 165 Three
7328 18256 239 165 sist
7623 18256 129 165 of
7827 18256 148 165 75
8037 18256 498 165 bushels
8597 18256 128 165 of
8797 18256 436 165 wheat,
9297 18256 226 165 175
9585 18256 367 165 bush-

4608 18423 434 165 Month
5100 18423 492 165 Perfect
5655 18423 753 165 Attendance
6467 18423 775 165 Certificates

4607 18589 218 165 the
4883 18589 287 165 past
5230 18589 397 165 week:
5683 18589 364 165 Ethel
6108 18589 665 165 Adamson,
6830 18589 363 165 Omio

4615 18756 470 165 Walter
5120 18756 782 165 Goughnour,
5973 18756 467 165 Gerard
6502 18756 738 165 Gougnnour

4617 18923 283 165 Ih?z
4990 18923 505 165 Dutton,
5573 18923 245 165 and
5900 18923 418 165 Elmer
6410 18923 505 165 Dutton,
7005 18923 243 165 Bu-

4618 19089 485 165 chanan
5273 19089 347 165 Ruby
5740 19089 635 165 Purintun,
6565 19089 595 165 Highland

4617 19273 360 165 Rosie
5033 19273 417 165 Davis,
5487 19273 323 165 Rosa
5880 19273 518 165 Brickel,
6435 19273 332 165 John
6825 19273 423 165 Brick-

4622 19439 113 165 el
4848 19439 249 165 and
5210 19439 328 165 John
5643 19439 724 165 Scbmierer,
6560 19439 637 165 McCulley

4620 19606 407 165 Frank
5100 19606 692 165 Schneider,
5855 19606 202 165 So.
6123 19606 482 165 Prairie
6723 19606 524 165 Andrew

4618 19773 422 165 Olson,
5093 19773 442 165 Emm?
5570 19773 418 165 Olson,
6058 19773 367 165 Clara
6485 19773 422 165 Olson,
6960 19773 288 165 Pet-

4617 19939 141 165 er
4845 19939 698 165 Nieuwsma
5620 19939 245 165 and
5947 19939 478 165 Winnie
6510 19939 742 165 Nieuwsma,

4625 20106 495 165 Bakker
5253 20106 290 165 Geo.
5628 20106 439 165 Bosch,
6157 20106 530 165 Harold,
6723 20106 547 165 Haugsa,

4628 20289 429 165 Hattie
5148 20289 697 165 Heyerman
5937 20289 255 165 (2),
6277 20289 456 165 Bennie
6820 20289 430 165 Bosch,

4628 20456 544 165 Martina
5260 20456 470 165 Hagar,
5823 20456 504 165 Stanley
6422 20456 536 165 BechtT-a,
7048 20456 210 165 Ei-

4630 20623 240 165 gen
4972 20623 500 165 Bechtle
5587 20623 251 165 (2"),
5935 20623 658 165 Sebastian
6687 20623 573 165 Thomas,

4630 20789 290 165 Geo.
5015 20789 587 165 Schmidt,
5697 20789 411 165 Frank
6207 20789 586 165 Schmidt,
6895 20789 357 165 Alma

4627 20973 388 165 Scott,
5052 20973 585 165 Karolhva
5705 20973 680 165 Backhaus.
6420 20973 388 165 Linda
6860 20973 398 165 Luchs

4633 21139 435 165 Ignatz
5150 21139 573 165 Goldade,
5797 21139 396 165 Ralph
6268 21139 542 165 Haugse,
6888 21139 375 165 Hilda

4632 21306 683 165 Backhaus.
5352 21306 321 165 Fred
5708 21306 589 165 Walther,
6363 21306 365 165 Alma
6763 21306 500 165 Klaudt,

4638 21473 370 165 Clark
5102 21473 621 165 Gillespie,
5817 21473 455 165 Esther
6360 21473 912 165 Schenksnber-

4637 21639 261 165 ger,
4935 21639 245 165 and
5238 21639 407 165 Anton
5680 21639 390 165 Bosch
6143 21639 255 165 (3),
6440 21639 775 165 Winchester

4642 21806 293 165 Carl
5048 21806 559 165 Buohler,
5715 21806 270 165 Val.
6097 21806 558 165 Butchler,
6767 21806 496 165 Agatha

4643 21989 545 165 Fischer.
5285 21989 412 165 Frank
5797 21989 306 165 Hilt,
6202 21989 548 165 Dorothy
6847 21989 420 165 Jundt,

4647 22156 353 165 Anna
5088 22156 402 165 Klein,
5645 22156 323 165 Rfcsa
6057 22156 518 165 Kocher,
6727 22156 538 165 Theresa

4645 22323 450 165 Miller,
5132 22323 603 165 Gertrudia
5803 22323 489 165 Schatz,
6328 22323 295 165 Geo.
6683 22323 592 165 Schmidt,

4648 22489 362 165 Mary
5067 22489 595 165 Schmidt,
5723 22489 357 165 Anna
6143 22489 309 165 Volk
6513 22489 249 165 and
6797 22489 466 165 Johan-

4642 22656 165 165 na
4882 22656 356 165 Volk,
5308 22656 460 165 Hague.

4803 22823 112 165 A
5002 22823 440 165 fourth
5525 22823 383 165 grade
5993 22823 675 165 certificate
6758 22823 260 165 was
7108 22823 172 165 is-

4653 22989 300 165 sued
5025 22989 170 165 by
5273 22989 212 165 the
5560 22989 332 165 state
5962 22989 781 165 department
6817 22989 141 165 to
7033 22989 252 165 Lil-

4652 23173 261 165 lian
4985 23173 135 165 L.
5173 23173 622 165 .Stephens
5860 23173 255 165 this
6183 23173 377 165 weak.

4803 23373 544 165 Stephen
5410 23373 568 165 Thomas,
6037 23373 295 165 Geo.
6392 23373 591 165 Schmidt,
7040 23373 240 165 and

4667 23539 406 165 Anton
5157 23539 435 165 Bosch,
5675 23539 765 165 Winchester
6570 23539 313 165 Wm.
6970 23539 322 165 Zim-

4652 23706 526 165 belman,
5213 23706 887 165 Williamsj?ort
6205 23706 240 165 and
6480 23706 327 165 Rosa
6868 23706 424 165 Brick-

4658 23873 160 165 el,
4927 23873 668 165 McCulley,
5768 23873 549 165 received
6432 23873 320 165 Nine
6855 23873 430 165 Month

4670 24039 493 165 Perfect
5277 24039 763 165 Attendance
6155 24039 767 165 Certificates
7035 24039 257 165 this

4665 24223 367 165 week.

4827 24406 218 165 We
5150 24406 442 165 visited
5697 24406 216 165 the
6008 24406 639 165 following
6815 24406 480 165 schools

4675 24589 252 165 last
4997 24589 393 165 week:
5463 24589 332 165 Hull,
5860 24589 663 165 Westfield.
6590 24589 412 165 Union
7068 24589 237 165 No.

4677 24756 276 165 4,3,
4997 24756 118 165 7,
5152 24756 753 165 Winchester
5983 24756 462 165 (Dosch
6482 24756 550 165 School).
7100 24756 172 165 3*

1752 2723 473 238 36th
2333 2723 544 238 Year:
3005 2723 813 238 Number
3922 2723 230 238 41
7252 2739 738 239 Linton,
8097 2739 600 239 North
8777 2739 793 239 Dakota,
9663 2739 1044 239 Thursday,
10765 2739 432 239 Jan.
11282 2739 300 239 22,
11668 2739 462 239 1920
15198 2739 557 239 $2.00
15848 2739 314 239 per
16262 2739 496 239 year,
16835 2739 193 239 in
17127 2739 873 239 Advance

4647 12439 921 422 Open
5843 12439 834 422 Your
6975 12439 970 422 Heart
8060 12439 1138 422 —And
9468 12439 832 422 Your
10652 12439 1956 422 Pocketbook

4682 14006 2276 623 JEWISH
7172 14006 2098 623 RELIEF
9335 14006 3290 623 CAMPAIGN

6497 14923 425 293 Life
7082 14923 280 293 for
7462 14923 636 293 Those
8165 14923 225 293 in
8507 14923 348 293 the
8925 14923 842 293 Shadow
9888 14923 205 293 of
10230 14923 650 293 Death

7297 15456 918 165 Contributions
8273 15456 289 165 may
8617 15456 151 165 be
8825 15456 368 165 given
9253 15456 139 165 or
9453 15456 274 165 sent
9785 15456 130 165 to

4603 15723 154 165 A.
4840 15723 775 165 Pomerance,
5698 15723 347 165 Scott
6133 15723 637 165 Cameron,
6853 15723 305 165 Otto
7257 15723 493 165 Becker,
9378 15723 159 165 N.
9575 15723 413 165 Davis,
10025 15723 147 165 C.
10230 15723 623 165 Albrecht,
10890 15723 717 165 Templeton
11643 15723 355 165 State
12113 15723 387 165 Bank,

5562 15889 140 165 o'i
5780 15889 480 165 Linton.

10925 15906 127 165 of
11130 15906 550 165 Temvik.

8093 16389 374 165 NEW
8557 16389 623 165 LEGALS

7473 16723 432 165 Notice
7977 16723 138 165 to
8190 16723 835 165 Contractors.
9167 16723 433 165 Sealed
9672 16723 270 165 bids

7323 16889 467 165 will.be
7828 16889 552 165 received
8453 16889 162 165 by
8677 16889 211 165 the
8948 16889 380 165 board
9385 16889 127 165 of
9582 16889 365 165 coun-

7325 17073 145 165 ty
7530 17073 977 165 commissioners
8563 17073 144 165 at
8768 17073 82 165 2
8888 17073 124 165 p.
9082 17073 170 165 m.
9312 17073 283 165 Feb.
9657 17073 285 165 18th

7322 17239 208 165 for
7588 17239 310 165 steel
7957 17239 245 165 and
8265 17239 268 165 iron
8590 17239 580 165 culverts,
9227 17239 303 165 road
9585 17239 365 165 grad-

7325 17406 245 165 ers,
7645 17406 605 165 scrapers,
8325 17406 387 165 plows
8785 17406 245 165 and
9102 17406 423 165 drags.

7482 17573 391 165 Labor
7940 17573 297 165 Lien
8303 17573 829 165 Foreclosure.
9272 17573 461 165 Joseph
9797 17573 155 165 H.

7337 17739 433 165 Moran
7882 17739 181 165 vs.
8182 17739 316 165 Gust
8612 17739 911 165 Frederickson.
9667 17739 285 165 Sale

7330 17906 247 165 will
7640 17906 152 165 be
7847 17906 283 165 held
8192 17906 138 165 at
8400 17906 878 165 Frederickson
9333 17906 615 165 residence

7333 18089 160 165 on
7562 18089 278 165 Jan.
7908 18089 259 165 2th,
8223 18089 147 165 at
8440 18089 77 165 2
8585 18089 123 165 p.
8772 18089 201 165 m.,
9038 18089 247 165 and
9355 18089 243 165 will
9670 18089 285 165 con-

7337 18423 186 165 els
7593 18423 124 165 of
7805 18423 263 165 rye.

7485 18589 423 165 Notice
7973 18589 139 165 to
8150 18589 672 165 Creditors.
8983 18589 364 165 Peter
9410 18589 550 165 Nieuws-

7330 18756 205 165 ma
7597 18756 500 165 Estatei-
8277 18756 461 165 Claims
8797 18756 135 165 to
8968 18756 159 165 be
9162 18756 270 165 filed
9527 18756 426 165 within

7330 18923 200 165 six
7610 18923 493 165 months
8188 18923 305 165 with
8577 18923 743 165 Armstrpng
9405 18923 112 165 &
9597 18923 363 165 Cam-

7332 19106 336 165 eron.
7813 19106 344 165 First
8220 19106 742 165 publication
9018 19106 287 165 Jan.
9360 19106 388 165 14tth.

7482 19273 631 165 financial
8177 19273 673 165 statement
8913 19273 127 165 of
9122 19273 211 165 the
9402 19273 553 165 Temple-

7332 19439 218 165 ton
7628 19439 377 165 State
8075 19439 383 165 Bank,
8537 19439 548 165 Temvik.
9235 19439 400 165 Loans
9712 19439 241 165 and

7315 19606 667 165 discounts,
8018 19606 764 165 $133,327.32
8867 19606 736 165 overdrafts,
9660 19606 288 165 $171

7337 19773 161 165 55
7617 19773 656 165 warrants,
8335 19773 283 165 etc.,
8688 19773 612 165 $2,416.39
9418 19773 542 165 banking

7337 19956 421 165 house,
7843 19956 617 165 $2,435.75
8597 19956 301 165 cash
8977 19956 245 165 and
9310 19956 235 165 due
9630 19956 323 165 from

7342 20123 353 165 other
7777 20123 438 165 banks,
8298 20123 684 165 $21,368.09
9113 20123 497 165 capital,
9693 20123 274 165 sur-

7340 20289 283 165 plus
7678 20289 247 165 and
7985 20289 652 165 undivided
8702 20289 475 165 profits.
9233 20289 679 165 $22,519.78

7358 20456 567 165 Jnr.'tgit*.
8030 20456 762 165 $137,199.32
8945 20456 313 165 total
9365 20456 595 165 business.

7342 20623 863 165 $159,719.10.

7497 20789 710 165 Finnancial
8313 20789 670 165 statement
9078 20789 127 165 of
9392 20789 571 165 Fanners

7335 20973 358 165 State
7732 20973 383 165 Bank,
8173 20973 672 165 Braddock.
8993 20973 399 165 Loans
9427 20973 236 165 and
9722 20973 250 165 dis-

7342 21123 476 165 counts,
7910 21123 687 165 $84,160.74
8733 21123 1242 165 overdrafts,$1,216.-

7350 21306 160 165 07
7638 21306 652 165 warrants,
8368 21306 279 165 etc.,
8725 21306 602 165 $2,199.43
9458 21306 519 165 govern-

7345 21473 337 165 ment
7740 21473 433 165 issues,
8233 21473 425 165 $7,892
8708 21473 155 165 50
8948 21473 545 165 banking
9553 21473 417 165 house,

7345 21639 277 165 ctc.,
7660 21639 423 165 $6,000
8168 21639 499 165 current
8730 21639 633 165 expenses,
9400 21639 270 165 etc.,
9727 21639 250 165 Sl,-

7355 21806 160 165 91
7650 21806 300 165 cash
8033 21806 249 165 and
8365 21806 240 165 due
8687 21806 330 165 from
9105 21806 358 165 other
9545 21806 430 165 banks,

7353 21973 687 165 $14,501.93
8158 21973 460 165 capital
8693 21973 390 165 stock,
9158 21973 547 165 $20,000:
9792 21973 125 165 ie

7357 22139 433 165 posits,
7882 22139 690 165 $80,972,58
8710 22139 737 165 certificates
9538 22139 127 165 of
9770 22139 213 165 de-

7357 22306 371 165 posit.
7805 22306 530 165 $15,000.
8462 22306 365 165 Total
8905 22306 607 165 business,
9588 22306 395 165 $115,-

7357 22489 458 165 973.58.

7512 22689 638 165 Financial
8215 22689 692 165 Statement
8983 22689 339 165 First
9402 22689 573 165 National

7363 22856 392 165 Bank,
7852 22856 495 165 Linton.,
8483 22856 409 165 Lonas
8978 22856 250 165 and
9323 22856 664 165 discount*,

7367 23023 845 165 $462.108.80
8340 23023 747 165 overdrafts,
9168 23023 494 165 $475.03
9793 23023 199 165 se-

7362 23189 553 165 curities,
7953 23189 692 165 $82,260.64
8730 23189 540 165 banking
9327 23189 416 165 house,
9778 23189 194 165 etc

7370 23356 683 165 $13,293.3$
8137 23356 538 165 reserve,
8730 23356 300 165 cash
9067 23356 241 165 and
9378 23356 262 165 due.
9675 23356 327 165 from

7368 23523 427 165 Hnnks.
7855 23523 693 165 *86,312.14
8633 23523 459 165 capital
9157 23523 248 165 and
9462 23523 525 165 surplus,

7378 23706 684 165 $40,000.00
8277 23706 553 165 deposits
9002 23706 223 165 and
9413 23706 529 165 cashier'

7378 23873 484 165 checks.
7970 23873 762 165 $579,314.23
8968 23873 314 165 total
9397 23873 598 165 business,

7382 24039 791 165 $644,361.84.

7688 24239 627 165 Financial
8405 24239 670 165 statement
9162 24239 126 165 of
9393 24239 209 165 the
9697 24239 241 165 Kin

7385 24406 280 165 tvre
7723 24406 354 165 State
8115 24406 392 165 Bank,
8588 24406 399 165 Loans
9045 24406 245 165 and
9323 24406 664 165 discounts,

7385 24589 758 165 $129,496.80
8302 24589 750 165 overdrafts!
9145 24589 445 165 $93.38,
9690 24589 317 165 war-

7385 24756 357 165 rants
7780 24756 242 165 and
8082 24756 801 165 government
8918 24756 432 165 issues,
9413 24756 594 165 $7,111.18

8860 9373 288 238 out
9227 9373 436 238 hope
9738 9373 169 238 of
10010 9373 712 238 medical
10800 9373 353 238 aid,
11213 9373 690 238 without
11995 9373 447 238 heat,

8863 9573 685 238 without
9672 9573 671 238 shelter,
10458 9573 690 238 without
11278 9573 477 238 food,
11892 9573 556 238 unless

8858 9773 287 238 the
9268 9773 590 238 people
9980 9773 167 238 of
10290 9773 767 238 America
11175 9773 390 238 help
11682 9773 451 238 them
12257 9773 181 238 in

8865 9973 425 238 their
9402 9973 431 238 truly
9958 9973 884 238 American
10950 9973 748 238 manner.

8870 11089 978 239 Americans
10175 11089 1155 239 red-blooded,
11463 11089 994 239 charitable,

8875 11289 1218 239 humanitarian
10210 11289 978 239 Americans
11297 11289 166 239 of
11600 11289 495 239 every
12210 11289 258 239 re-

8873 11489 517 239 ligion
9520 11489 340 239 and
9992 11489 1003 239 creed—are
11123 11489 520 239 asked
11785 11489 183 239 to
12117 11489 336 239 join

8878 11689 400 239 with
9393 11689 430 239 their
9935 11689 623 239 Jewish
10685 11689 768 239 brethren
11573 11689 182 239 in
11868 11689 597 239 saving

8878 11889 465 239 these
9447 11889 608 239 human
10157 11889 423 239 lives
10672 11889 336 239 and
11110 11889 967 239 remedying
12173 11889 290 239 the

8878 12089 725 239 horrible
9680 12089 945 239 conditions
10680 12089 367 239 that
11130 12089 375 239 now
11583 12089 490 239 exist.

8895 12973 527 238 funds
9480 12973 183 238 to
9742 12973 405 238 than
10203 12973 597 238 saving
10885 12973 472 238 lives,
11410 12973 708 238 feeding
12197 12973 291 238 the

8902 13173 693 238 hungry,
9683 13173 745 238 clothing
10485 13173 295 238 the
10883 13173 549 238 naked
11520 13173 340 238 and
11952 13173 545 238 freez-

8900 13373 300 238 ing
9258 13373 677 238 peoples
9988 13373 379 238 who
10420 13373 430 238 have
10877 13373 731 238 suffered
11663 13373 290 238 the
12012 13373 503 238 hard-

8877 13573 468 238 ships
9452 13573 336 238 and
9918 13573 934 238 brutalities
10963 13573 169 238 of
11277 13573 453 238 war?
11977 13573 490 238 Open

8883 13773 409 238 your
9398 13773 474 238 heart
9980 13773 340 238 and
10435 13773 412 238 your
10962 13773 1188 238 pocketbooks.

10905 14956 172 128 9

10032 16389 543 165 banking
10653 16389 387 165 house
11125 16389 245 165 and
11453 16389 362 165 other
11898 16389 240 165 retl
12225 16389 442 165 estate,

10033 16556 615 165 $9,724.75
10782 16556 303 165 cash
11160 16556 248 165 and
11498 16556 235 165 due
11818 16556 330 165 from
12240 16556 430 165 banks,

10037 16739 678 165 $33,946.16
10845 16739 502 165 capital,
11425 16739 502 165 surplus
12000 16739 245 165 and
12323 16739 352 165 undi-

10042 16906 350 165 vided
10513 16906 482 165 profits,
11170 16906 690 165 $18,950.22
12090 16906 582 165 deposits,

10037 17073 766 165 $161,422.05
10933 17073 317 165 total
11337 17073 601 165 business,
12018 17073 657 165 $180,372.-

10043 17239 189 165 27.

10197 17406 630 165 Financial
10933 17406 674 165 statement
11705 17406 127 165 of
11947 17406 210 165 the
12335 17406 337 165 First

10043 17589 359 165 State
10505 17589 390 165 Bank,
10992 17589 716 165 Strasburg.
11860 17589 398 165 Lonas
12427 17589 246 165 and

10020 17756 672 165 discounts,
10728 17756 764 165 $254,286.36
11592 17756 738 165 overdrafts,
12367 17756 303 165 $615

10040 17923 162 165 61
10333 17923 614 165 warrants
11027 17923 241 165 and
11357 17923 798 165 government
12238 17923 435 165 issues,

10032 18089 688 165 $13,891.52
10805 18089 548 165 banking
11388 18089 427 165 house,
11868 18089 420 165 $7,000
12373 18089 294 165 cash

10038 18256 247 165 and
10348 18256 237 165 due
10648 18256 332 165 from
11047 18256 431 165 banks*
11543 18256 685 165 $52,663.95
12340 18256 335 165 capi-

10038 18423 227 165 tal,
10323 18423 500 165 surplus
10860 18423 248 165 and
11170 18423 655 165 undivided
11880 18423 475 165 profits,
12412 18423 261 165 $25,

10030 18589 422 165 497.81
10537 18589 586 165 deposits,
11160 18589 760 165 $302,959.63
12027 18589 315 165 total
12380 18589 283 165 bus-

10043 18773 372 165 iness,
10480 18773 793 165 $328,457.44.

10192 18973 630 165 Financial
10888 18973 670 165 statement
11627 18973 123 165 of
11827 18973 213 165 the
12105 18973 565 165 Security

10047 19139 353 165 State
10493 19139 390 165 Bank,
10968 19139 564 165 Kintyre,
11617 19139 401 165 Lonas
12100 19139 240 165 and
12425 19139 250 165 dis-

10033 19306 480 165 counts,
10585 19306 762 165 $104,375.44
11468 19306 747 165 overdrafts,
12280 19306 400 165 $116.-

10043 19473 164 165 19
10357 19473 656 165 warrants,
11107 19473 280 165 etc.,
11483 19473 432 165 $1,712
12130 19473 545 165 banking

10037 19639 426 165 house,
10500 19639 423 165 $6,000
11008 19639 300 165 cash
11367 19639 246 165 and
11647 19639 240 165 due
11923 19639 335 165 from
12320 19639 352 165 other

10043 19806 435 165 banks,
10580 19806 688 165 $16,865i67
11415 19806 467 165 capital
11978 19806 247 165 and
12325 19806 358 165 undi-

10037 19989 348 165 vided
10420 19989 478 165 profits,
10957 19989 688 165 $20,325.43
11730 19989 587 165 deposits,
12353 19989 322 165 $93,-

10048 20156 424 165 566.02
10617 20156 358 165 notes
11067 20156 246 165 and
11410 20156 292 165 bills
11793 20156 885 165 vadiscounted,

10048 20323 612 165 $5,177.85
10775 20323 285 165 bills
11123 20323 564 165 payable,
11743 20323 504 165 $10,000
12360 20323 312 165 total

10050 20489 603 165 business,
10737 20489 780 165 $129,069.30.

10203 20689 627 165 Financial
10897 20689 665 165 statement
11625 20689 127 165 of
11825 20689 217 165 the
12100 20689 578 165 Emmons

10030 20856 505 165 'County
10595 20856 358 165 State
11017 20856 386 165 Bank,
11457 20856 676 165 Braddock.
12280 20856 407 165 Loans

10053 21023 245 165 and
10377 21023 670 165 discounts,
11125 21023 687 165 $63,595.33
11942 21023 741 165 overdrafts,

10065 21189 498 165 $352.39
10730 21189 652 165 warrants,
11497 21189 498 165 $920.80
12162 21189 490 165 govern'

10050 21373 342 165 ment
10457 21373 438 165 issues,
10933 21373 612 165 $6,749.72
11668 21373 544 165 banking
12267 21373 425 165 house,

10057 21539 421 165 $2,500
10565 21539 300 165 cash
10925 21539 245 165 and
11203 21539 240 165 due
11503 21539 330 165 from
11890 21539 353 165 other
12280 21539 395 165 banks

10062 21706 736 165 $34,646.34:
10873 21706 497 165 capital,
11445 21706 498 165 surplus
12013 21706 249 165 and
12343 21706 352 165 undi-

10062 21873 355 165 vided
10452 21873 481 165 profits,
11002 21873 683 165 $19,153.17
11768 21873 620 165 -deposits,
12425 21873 265 165 $88,

10062 22039 425 165 611.41
10608 22039 317 165 total
11000 22039 607 165 business,
11677 22039 846 165 $107,746.54.

10067 22389 380 165 WHY
10510 22389 222 165 DO
10785 22389 467 165 ARMY
11307 22389 753 165 SCHOOLH
12118 22389 560 165 EXIST?

10218 22556 264 165 The
10588 22556 290 165 only
10993 22556 529 165 purpose
11630 22556 130 165 of
11880 22556 820 165 establishing

10077 22723 390 165 Army
10548 22723 480 165 schools
11107 22723 116 165 is
11298 22723 140 165 to
11512 22723 291 165 help
11883 22723 219 165 the
12175 22723 522 165 enlisted

10068 22889 294 165 man
10443 22889 137 165 to
10667 22889 550 165 improve
11290 22889 153 165 as
11522 22889 90 165 a
11693 22889 459 165 soldier
12233 22889 245 165 and
12560 22889 138 165 to

10068 23056 529 165 prepare
10680 23056 492 165 himself
11268 23056 210 165 for
11560 23056 203 165 his
11828 23056 449 165 future
12357 23056 341 165 work

10065 23239 360 165 when
10462 23239 163 165 he
10695 23239 412 165 leaves
11145 23239 212 165 the
11430 23239 397 165 army.
11972 23239 256 165 The
12280 23239 423 165 cours-

10070 23406 217 165 Ses
10360 23406 128 165 of
10577 23406 373 165 study
11022 23406 318 165 have
11412 23406 310 165 been
11793 23406 529 165 selected
12407 23406 295 165 with

10080 23573 217 165 the
10377 23573 561 165 greatest
11013 23573 292 165 care
11378 23573 209 165 for
11657 23573 223 165 the
11957 23573 531 165 purpose
12565 23573 127 165 of

10077 23739 550 165 meeting
10702 23739 205 165 his
10982 23739 306 165 need
11362 23739 213 165 for
11653 23739 762 165 educational
12492 23739 223 165 ad-

10087 23906 753 165 vancement.
10988 23906 192 165 He
11257 23906 115 165 is
11442 23906 463 165 offered
11973 23906 224 165 the
12273 23906 445 165 oppor-

10088 24073 414 165 tunity
10580 24073 142 165 to
10802 24073 420 165 obtain
11298 24073 209 165 for
11587 24073 490 165 himself
12173 24073 162 165 an
12422 24073 293 165 edu-

10082 24239 403 165 cation
10560 24239 278 165 that
10910 24239 252 165 will
11232 24239 156 165 be
11462 24239 585 165 practical
12120 24239 240 165 and
12435 24239 277 165 use-

10090 24423 233 165 ful.

10470 24406 120 165 It
10647 24406 111 165 is
10817 24406 86 165 a.
10932 24406 761 165 proposition
11763 24406 280 165 that
12103 24406 112 165 Is
12272 24406 223 165 put
12530 24406 207 165 up'
12798 24406 169 165 by
13035 24406 213 165 the
13317 24406 846 165 undersigned.

10097 24589 138 165 to
10320 24589 217 165 the
10628 24589 524 165 enlisted
11238 24589 334 165 man,
11660 24589 245 165 and
12000 24589 102 165 it
12197 24589 110 165 is
12405 24589 315 165 good
13258 24589 637 165 DEB0ER
13967 24589 113 165 &
14145 24589 712 165 KRUGER.

10778 24756 164 165 on
11022 24756 205 165 his
11308 24756 290 165 part
11685 24756 138 165 to
11905 24756 430 165 accept
12425 24756 102 165 it
12635 24756 122 165 \1
12795 24756 393 165 Jan29
13377 24756 601 165 ••7'jv,:'v:f
14173 24756 482 165 Linton,
14730 24756 158 165 N.
14965 24756 382 165 Dak.'

12338 856 3630 1393 RECORD

12682 5289 585 165 LEGION
13433 5289 555 165 DANCE
14155 5289 342 165 AND

13672 5456 616 165 SUPPER

13277 3406 966 330 League
14347 3406 601 330 Gets
15057 3406 1481 330 Knock-Out
16648 3406 674 330 Blow

12667 4173 428 201 Four
13145 4173 175 201 of
13408 4173 289 201 the
13752 4173 395 201 Five
14202 4173 811 201 Supreme
15088 4173 499 201 Crurt
15637 4173 718 201 Justices
16410 4173 440 201 Vote
16928 4173 175 201 to
17157 4173 481 201 Head
17668 4173 309 201 Off

13928 4473 774 201 Townley
14755 4473 1088 201 Strong-Arm
15915 4473 778 201 Methods

14657 5289 636 165 BASKET

12823 5806 255 165 The
13147 5806 380 165 dance
13598 5806 239 165 and
13912 5806 428 165 basket
14408 5806 454 165 supper
14938 5806 132 165 t.i
15152 5806 141 165 be

12683 5973 355 165 given
13102 5973 170 165 'iy
13342 5973 216 165 the
13630 5973 265 165 Dan
13970 5973 148 165 R.
14185 5973 737 165 Richard.on
15002 5973 288 165 Post

12678 6139 124 165 of
12910 6139 217 165 the
13210 6139 657 165 .American
13965 6139 445 165 Legion
14510 6139 352 165 t.a'.es
14960 6139 338 165 place

12687 6306 648 165 tomoiTOW
13395 6306 400 165 night,
13838 6306 297 165 Jan.
14222 6306 271 165 23d,
14535 6306 137 165 at
14747 6306 208 165 the
15020 6306 280 165 Seo

12687 6489 280 165 inan
13065 6489 323 165 Park
13485 6489 608 165 Pavilion.

12832 6689 395 165 Thera
13298 6689 117 165 is
13487 6689 356 165 much
13918 6689 519 165 interest
14515 6689 280 165 man
14837 6689 248 165 ^es'
15183 6689 115 165 in

12687 6856 211 165 the
12943 6856 422 165 affair,
13408 6856 160 165 as
13647 6856 103 165 it
13797 6856 250 165 will
14120 6856 153 165 be
14317 6856 696 165 something
15087 6856 220 165 oui

12683 7023 124 165 of
12870 7023 222 165 the
13137 7023 625 165 ordinary.
13898 7023 260 165 The
14202 7023 450 165 Legion
14723 7023 112 165 is
14878 7023 412 165 trying

12690 7189 137 165 to
12900 7189 225 165 put
13195 7189 160 165 on
13427 7189 168 165 an
13662 7189 625 165 evening's
14353 7189 234 165 fun
14668 7189 637 165 patterned

12685 7373 340 165 after
13072 7373 213 165 tha
13358 7373 199 165 old
13618 7373 314 165 days
13975 7373 133 165 in
14185 7373 583 165 Emmons
14810 7373 497 165 county.

12692 7539 300 165 This
13078 7539 384 165 dance
13552 7539 116 165 is
13752 7539 381 165 going
14215 7539 142 165 to
14440 7539 283 165 give
14815 7539 217 165 the
15110 7539 198 165 old

12695 7706 433 165 timers
13173 7706 460 165 chance
13677 7706 208 165 for
13930 7706 323 165 their
14298 7706 484 165 money.
14927 7706 391 165 There

12692 7873 250 165 will
13008 7873 154 165 be
13225 7873 85 165 a
13378 7873 537 165 mixture
13978 7873 124 165 of
14188 7873 704 165 up-to-date
14935 7873 363 165 danc-

12690 8039 183 165 es,
12938 8039 239 165 and
13250 8039 563 165 old-time
13877 8039 711 165 "squares."
14730 8039 382 165 Many
15178 8039 120 165 of

12698 8223 222 165 the
12995 8223 413 165 young
13482 8223 341 165 folks
13895 8223 315 165 have
14293 8223 514 165 planned
14890 8223 133 165 to
15102 8223 220 165 ap-

12700 8389 292 165 pear
13063 8389 127 165 in
13258 8389 689 165 regulation
14015 8389 660 165 hard-time
14743 8389 582 165 uniform.

12705 8556 363 165 Local
13158 8556 394 165 ladies
13647 8556 221 165 are
13960 8556 315 165 busy
14317 8556 373 165 fixing
14848 8556 169 165 up
15107 8556 216 165 the

12705 8723 545 165 baskets.
13387 8723 263 165 The
13752 8723 503 165 baskets
14363 8723 254 165 will
14720 8723 158 165 be
15053 8723 260 165 sold

12700 8889 738 165 somewhere
13480 8889 463 165 around
14018 8889 652 165 midnight.
14813 8889 252 165 Hot
15110 8889 195 165 cof

12702 9073 208 165 fee
13007 9073 245 165 will
13352 9073 158 165 be
13602 9073 685 165 furnished,
14378 9073 244 165 and
14722 9073 298 165 thus
15115 9073 212 165 the

12702 9239 426 165 eating
13200 9239 542 165 problem
13812 9239 253 165 will
14132 9239 150 165 be
14345 9239 465 165 solved,
14870 9239 212 165 the
15147 9239 181 165 lo-

12702 9406 195 165 cal
12980 9406 280 165 post
13338 9406 129 165 of
13567 9406 216 165 the
13863 9406 652 165 American
14597 9406 453 165 Legion
15138 9406 192 165 re-

12702 9573 481 165 ceiving
13252 9573 621 165 whatever
13942 9573 378 165 funds
14385 9573 225 165 are
14658 9573 244 165 left
14985 9573 340 165 after

12707 9756 601 165 expenses
13370 9756 225 165 are
13665 9756 333 165 paid.

12863 9939 189 165 On
13125 9939 300 165 Feb.
13470 9939 345 165 12th,
13898 9939 217 165 the
14188 9939 459 165 Legion
14718 9939 259 165 will
15047 9939 283 165 give

12707 10123 523 165 another
13338 10123 389 165 dance
13830 10123 145 165 at
14082 10123 221 165 the
14413 10123 585 165 pavilion.
15135 10123 192 165 An

12715 10289 598 165 imported
13478 10289 637 165 orchestra
14203 10289 254 165 will
14552 10289 150 165 be
14792 10289 545 165 secured,

12715 10456 243 165 and
13042 10456 216 165 the
13348 10456 575 165 program
14012 10456 253 165 will
14342 10456 471 165 consist
14895 10456 128 165 of
15122 10456 211 165 the

12715 10623 378 165 latest
13163 10623 495 165 dances.
13792 10623 383 165 Thus,
14218 10623 109 165 it
14407 10623 121 165 is
14595 10623 390 165 hoped
15055 10623 280 165 that

12713 10789 180 165 all
12975 10789 473 165 classes
13535 10789 128 165 of
13763 10789 517 165 dancers
14363 10789 254 165 will
14705 10789 263 165 feel
15055 10789 280 165 that

12722 10973 323 165 their
13127 10973 408 165 wants
13627 10973 311 165 have
14100 10973 302 165 been
14443 10973 372 165 filled.
15078 10973 260 165 The

12727 11139 538 165 younger
13327 11139 201 165 set
13575 11139 430 165 should
14103 11139 244 165 join
14415 11139 132 165 in
14590 11139 218 165 the
14878 11139 234 165 fun
15178 11139 152 165 on

12727 11306 221 165 the
13013 11306 269 165 23d,
13342 11306 155 165 as
13563 11306 279 165 well
13910 11306 155 165 as
14130 11306 222 165 the
14417 11306 300 165 Feb.
14762 11306 306 165 12th
15138 11306 200 165 af-

12722 11489 305 165 fair.

12873 11673 660 165 Whatever
13607 11673 436 165 money
14110 11673 122 165 is
14298 11673 479 165 cleared
14855 11673 253 165 will
15180 11673 163 165 go

12730 11856 142 165 to
12943 11856 289 165 help
13303 11856 367 165 iequip
13742 11856 221 165 the
14042 11856 458 165 Legion
14575 11856 290 165 club
14938 11856 405 165 rooms

12727 12023 388 165 which
13180 12023 227 165 are
13455 12023 373 165 being
13872 12023 320 165 fixed
14282 12023 173 165 up
14520 12023 127 165 in
14710 12023 225 165 the
14982 12023 355 165 base-

12730 12189 338 165 ment
13113 12189 129 165 of
13335 12189 217 165 the
13597 12189 341 165 First
14022 12189 580 165 National
14665 12189 392 165 Bank.

12877 12389 851 165 "Everything
13840 12389 300 165 goes
14248 12389 225 165 but
14655 12389 695 165 hob-nailed

12738 12573 482 165 shoes."

12962 12939 1031 165 REPUBLICAN
14073 12939 1052 165 CONVENITON

12888 13273 689 165 Elsewhere
13647 13273 126 165 in
13837 13273 250 165 this
14160 13273 323 165 issue
14548 13273 530 165 appears
15145 13273 208 165 the

12737 13439 230 165 call
13068 13439 125 165 of
13302 13439 486 165 Gunder
13885 13439 413 165 Olson,
14393 13439 545 165 national
15033 13439 267 165 com

12742 13606 748 165 mitbeeman,
13667 13606 201 165 for
14040 13606 80 165 a
14222 13606 703 165 republican
15022 13606 336 165 mass

12742 13789 533 165 meeting
13335 13789 143 165 at
13548 13789 627 165 Bismarck
14247 13789 281 165 Jan.
14597 13789 328 165 28th.
15067 13789 293 165 This

12738 13956 539 165 meeting
13337 13956 401 165 seems
13775 13956 140 165 to
13993 13956 149 165 be
14202 13956 515 165 stirring
14753 13956 170 165 up
15002 13956 356 165 much

12745 14123 725 165 excitement
13552 14123 451 165 among
14085 14123 208 165 the
14378 14123 769 165 republicans
15227 14123 123 165 of

12750 14289 388 165 North
13218 14289 517 165 Dakota,
13797 14289 248 165 and
14117 14289 208 165 the
14390 14289 360 165 claim
14828 14289 107 165 is
15007 14289 355 165 made

12748 14456 270 165 that
13102 14456 380 165 Olson
13565 14456 110 165 is
13755 14456 548 165 working
14388 14456 125 165 in
14590 14456 772 165 conjunction

12750 14623 298 165 with
13153 14623 217 165 the
13473 14623 845 165 Townleyites,
14425 14623 208 165 the
14745 14623 378 165 latter
15228 14623 139 165 to

12742 14806 310 165 keep
13115 14806 393 165 hands
13578 14806 160 165 off
13822 14806 211 165 the
14102 14806 545 165 national
14713 14806 649 165 campaign

12757 14973 121 165 in
12957 14973 623 165 exchange
13662 14973 205 165 for
13943 14973 84 165 a
14108 14973 240 165 like
14433 14973 399 165 policy
14913 14973 160 165 on
15153 14973 204 165 the

12748 15139 282 165 part
13098 15139 124 165 of
13302 15139 376 165 Olson
13740 15139 128 165 in
13928 15139 332 165 state
14300 15139 485 165 affairs.

12900 15339 113 165 It
13100 15339 107 165 is
13282 15339 468 165 certain
13825 15339 278 165 that
14173 15339 212 165 the
14458 15339 552 165 old-time
15093 15339 274 165 pro-

12747 15506 588 165 fessional
13405 15506 617 165 politician
14083 15506 390 165 would
14548 15506 250 165 just
14863 15506 144 165 as
15070 15506 292 165 soon

12745 15673 483 165 "frame
13315 15673 253 165 up"
13638 15673 295 165 with
14013 15673 569 165 Townley
14660 15673 152 165 as
14893 15673 469 165 anyone

12750 15839 290 165 elise.
13193 15839 495 165 Results
13772 15839 216 165 are
14078 15839 332 165 what
14502 15839 300 165 such
14887 15839 476 165 fellows

12750 16023 373 165 want.
13272 16023 118 165 It
13478 16023 257 165 was
13822 16023 408 165 stated
14317 16023 340 165 some
14742 16023 303 165 time
15123 16023 247 165 ago

12757 16189 278 165 that
13140 16189 487 165 Lemke,
13733 16189 452 165 Bishop
14282 16189 126 165 of
14525 16189 212 165 the
14848 16189 522 165 League,

12750 16356 247 165 had
13032 16356 390 165 finally
13577 16356 500 165 secured
14152 16356 80 165 a
14315 16356 553 165 working
14940 16356 435 165 agree-

12750 16523 342 165 ment
13158 16523 299 165 with
13530 16523 277 165 Will
13885 16523 155 165 H.
14112 16523 386 165 Hays,
14567 16523 540 165 national
15178 16523 202 165 re-

12762 16689 565 165 publican
13427 16689 660 165 chairman,
14188 16689 245 165 and
14540 16689 278 165 that
14928 16689 444 165 Lemke

12758 16856 390 165 would
13247 16856 443 165 handle
13777 16856 216 165 the
14087 16856 545 165 national
14722 16856 651 165 campaign

12755 17039 315 165 fund
13153 17039 129 165 in
13370 17039 400 165 North
13853 17039 519 165 Dakota.

12998 17223 390 165 There
13445 17223 110 165 is
13617 17223 250 165 just
13922 17223 226 165 one
14183 17223 360 165 thing
14610 17223 208 165 for
14858 17223 217 165 the
15132 17223 270 165 anti

12845 17406 808 165 Townleyites
13717 17406 138 165 to
13893 17406 195 165 do,
14153 17406 245 165 and
14457 17406 281 165 that
14800 17406 110 165 is
14973 17406 139 165 to
15170 17406 695 177 waitadmit

12847 17556 205 165 for
13090 17556 212 165 the
13362 17556 551 165 outcome
13948 17556 127 165 of
14142 17556 211 165 the
14408 17556 627 165 Bismarck
15070 17556 335 165 meet

12855 17756 253 165 ing.
13255 17756 113 165 If
13472 17756 100 165 it
13663 17756 430 165 should
14178 17756 159 165 be
14413 17756 389 165 found
14887 17756 286 165 that
15778 17756 459 177 ^mke

12830 17923 547 165 meeting
13442 17923 233 165 has
13745 17923 305 165 been
14122 17923 455 165 packed
14653 17923 162 165 by
14888 17923 870 176 leaguer*|erg

12835 18089 247 165 and
13163 18089 280 165 that
13523 18089 329 165 their
13928 18089 322 165 crew
14332 18089 316 165 have
14732 18089 218 165 the
15028 18089 422 165 official

12837 18273 846 165 endorsement
13770 18273 127 165 of
13998 18273 417 165 Olson,
14497 18273 296 165 then
14880 18273 162 165 an
15132 18273 628 165 mde-that

12845 18406 590 165 penedent
13497 18406 381 165 ticket
13937 18406 428 165 should
14428 18406 152 165 be
14617 18406 541 165 entered,
15220 18406 245 165 and
15482 18406 441 165 ,^

12848 18589 209 165 the
13153 18589 332 165 issue
13578 18589 492 165 decided
14168 18589 125 165 in
14385 18589 217 165 the
14688 18589 437 165 March
15222 18589 185 165 pri

13252 20173 786 165 BUSINESS
14133 20173 767 165 CHANGES

12913 20506 390 165 There
13375 20506 327 165 were
13768 20506 247 165 two
14088 20506 665 165 important
14828 20506 564 165 business

12762 20689 550 165 changes
13417 20689 125 165 in
13653 20689 442 165 Linton
14193 20689 250 165 this
14550 20689 487 165 weekX
15075 20689 318 165 Fred

12775 20856 410 165 Petrie
13285 20856 248 165 and
13637 20856 415 165 Henry
14157 20856 1233 165 Klaudt^fmrchased

12768 21023 212 165 the
13050 21023 638 165 hardware
13743 21023 280 165 knd'
14058 21023 705 165 machmfoy
14828 21023 567 165 business

12770 21189 123 165 of
12982 21189 493 165 DeBoer
13547 21189 113 165 &
13722 21189 843 165 JCrug©r,md
14638 21189 315 165 have
15022 21189 376 165 taken

12770 21373 495 165 charge.

12923 21523 369 165 Peter
13378 21523 494 165 DeBier
13958 21523 675 165 odrchased
14720 21523 217 165 the
15020 21523 375 165 inter-

12772 21689 270 165 ests
13142 21689 126 165 of
13388 21689 240 165 Mr.
13662 21689 690 165 VjOTkema
14468 21689 129 165 in
14697 21689 220 165 the
15018 21689 379 165 Stone

12785 21856 347 165 Drug
13203 21856 367 165 Store
13637 21856 245 165 and
13953 21856 454 165 is'now
14480 21856 83 165 a
14630 21856 767 165 full-fledged

12778 22039 539 165 member
13398 22039 130 165 of
13625 22039 208 165 the
13870 22039 275 165 firm
14282 22039 126 165 of
14508 22039 694 165 Heyerman
15290 22039 113 165 &

12790 22206 530 165 DeBoer.
13462 22206 263 165 The
13793 22206 272 165 new
14145 22206 458 165 parner
14680 22206 115 165 is
14868 22206 84 165 a
15030 22206 378 165 drug-

12780 22373 262 165 gist
13117 22373 161 165 by
13357 22373 730 165 profession,
14153 22373 245 165 and
14470 22373 233 165 has
14773 22373 305 165 been
15150 22373 238 165 em.

12785 22539 437 165 ployed
13317 22539 128 165 in
13533 22539 217 165 the
13835 22539 382 165 Stone
14310 22539 350 165 Drug
14747 22539 366 165 Store
15198 22539 205 165 for

12785 22723 340 165 some
13197 22723 503 165 months
13773 22723 329 165 past.

13802 23056 601 165 NOTICE

15537 5106 416 165 House
16045 5106 232 165 Bill
16370 5106 195 165 60,
16643 5106 627 165 declaring
17347 5106 171 165 all
17610 5106 395 165 meas-

15388 5289 289 165 ures
15757 5289 428 165 passed
16272 5289 161 165 by
16510 5289 212 165 tha
16797 5289 453 165 special
17325 5289 467 165 session
17870 5289 137 165 to

15392 5456 150 165 be
15632 5456 123 165 in
15847 5456 366 165 effect
16307 5456 208 165 ten
16607 5456 316 165 days
17005 5456 340 165 after
17445 5456 573 165 passage,

15387 5623 256 165 was
15713 5623 214 165 put
15995 5623 128 165 to
16167 5623 345 165 sbep
16583 5623 252 165 last
16880 5623 623 165 Saturday
17577 5623 158 165 by
17798 5623 212 165 the

15385 5789 567 165 supremo
16013 5789 417 165 court.
16597 5789 401 165 Every
17085 5789 433 165 justice
17582 5789 431 165 except

15397 5956 600 165 Robinson
16095 5956 355 165 voted
16538 5956 142 165 to
16758 5956 444 165 nullify
17290 5956 212 165 the
17582 5956 433 165 effects

15387 6139 131 165 of
15610 6139 212 165 the
15905 6139 277 165 bill.

15543 6289 255 165 The
15867 6289 403 165 action
16343 6289 124 165 of
16555 6289 217 165 the
16840 6289 570 165 suprema
17478 6289 352 165 court
17905 6289 113 165 is

15397 6473 213 165 the
15693 6473 320 165 most
16090 6473 477 165 serious
16645 6473 497 165 reverse
17217 6473 288 165 ever
17585 6473 438 165 exper-

15405 6639 412 165 ienced
15938 6639 164 165 by
16217 6639 213 165 tha
16542 6639 573 165 Townley
17233 6639 345 165 ring.
17743 6639 274 165 Had

15405 6806 213 165 the
15697 6806 348 165 court
16138 6806 219 165 put
16445 6806 175 165 its
16698 6806 422 165 stamp
17205 6806 125 165 of
17425 6806 600 165 approval

15397 6973 161 165 on
15627 6973 183 165 H.
15887 6973 163 165 B.
16128 6973 197 165 60,
16367 6973 481 165 several
16930 6973 262 165 new
17257 6973 306 165 laws
17625 6973 400 165 would

15405 7139 313 165 have
15822 7139 428 165 helped
16348 7139 214 165 the
16662 7139 818 165 Townleyites
17582 7139 125 165 in
17808 7139 219 165 the

15402 7306 488 165 coming
15975 7306 543 165 primary
16593 7306 565 165 elaction.
17308 7306 190 165 No
17573 7306 234 165 one
17885 7306 130 165 of

15408 7489 214 165 the
15685 7489 302 165 laws
16048 7489 524 165 opposed
16650 7489 163 165 by
16877 7489 218 165 the
17162 7489 870 165 independents

15413 7656 120 165 in
15593 7656 210 165 the
15847 7656 458 165 special
16347 7656 471 165 session
16890 7656 252 165 will
17183 7656 155 165 be
17397 7656 638 165 operative

15413 7823 125 165 in
15633 7823 302 165 time
16025 7823 135 165 to
16250 7823 287 165 halp
16620 7823 218 165 the
16925 7823 578 165 leaguers
17593 7823 129 165 in
17817 7823 218 165 the

15415 7989 543 165 primary
16033 7989 510 165 election
16632 7989 435 165 battle.

15563 8156 260 165 The
15923 8156 260 165 new
16287 8156 458 165 radical
16840 8156 857 165 absent-voter
17795 8156 240 165 law

15423 8323 242 165 will
15773 8323 212 165 not
16090 8323 282 165 halp
16473 8323 214 165 the
16787 8323 435 165 league
17320 8323 255 165 salt
17675 8323 360 165 away

15427 8489 348 165 votes
15887 8489 245 165 any
16245 8489 302 165 time
16665 8489 398 165 thirty
17175 8489 313 165 days
17608 8489 427 165 before

15413 8673 564 165 election.

15570 8839 267 165 Fay
15905 8839 552 165 Hardnig
16518 8839 239 165 and
16827 8839 196 165 his
17085 8839 287 165 four
17445 8839 275 165 pals
17787 8839 250 165 will

15423 9006 210 165 not
15705 9006 153 165 be
15902 9006 280 165 able
16262 9006 133 165 to
16463 9006 215 165 gat
16742 9006 323 165 their
17132 9006 393 165 hands
17587 9006 160 165 on
17822 9006 221 165 the

15417 9173 490 165 $25,000
15975 9173 917 165 appropriation
16957 9173 206 165 for
17230 9173 80 165 a
17382 9173 660 165 campaign

15413 9339 357 165 fund.

15563 9506 264 165 The
15872 9506 601 165 governor
16517 9506 250 165 will
16832 9506 210 165 not
17085 9506 308 165 have
17458 9506 197 165 his
17698 9506 345 165 state

15417 9673 421 165 sheriff
15918 9673 239 165 and
16232 9673 196 165 his
16490 9673 337 165 state
16875 9673 907 165 constabulary.
17920 9673 123 165 It

15423 9839 250 165 will
15777 9839 150 165 ba
16027 9839 706 165 impossible
16830 9839 142 165 to
17062 9839 511 165 appoint
17667 9839 381 165 every

15423 10006 444 165 league
15950 10006 647 165 organizer
16690 10006 80 165 a
16867 10006 460 165 deputy
17420 10006 477 165 sheriff.

15572 10189 263 165 The
15880 10189 727 165 apriointing
16648 10189 129 165 of
16848 10189 587 165 Langer's
17480 10189 565 165 deputias

15427 10356 250 165 will
15767 10356 215 165 not
16072 10356 153 165 be
16318 10356 435 165 turned
16842 10356 295 165 over
17227 10356 136 165 to
17453 10356 597 165 Emperor

15423 10523 550 165 Frazier.

15572 10689 260 165 The
15875 10689 638 165 insurgent
16558 10689 345 165 state
16927 10689 500 165 officials
17465 10689 252 165 will
17757 10689 293 165 con-

15427 10856 345 165 tinue
15838 10856 137 165 to
16022 10856 211 165 act
16310 10856 155 165 on
16538 10856 222 165 the
16827 10856 493 165 various
17385 10856 452 165 boards
17880 10856 160 165 as

15427 11023 131 165 in
15638 11023 222 165 the
15937 11023 325 165 past,
16330 11023 243 165 and
16655 11023 332 165 their
17055 11023 997 165 appropriations

15422 11206 216 165 for
15685 11206 290 165 help
16038 11206 250 165 will
16358 11206 215 165 not
16617 11206 155 165 be
16847 11206 371 165 taken
17263 11206 325 165 from
17675 11206 387 165 them.

15587 11373 343 165 Nona
16030 11373 128 165 of
16270 11373 352 165 these
16715 11373 430 165 things
17235 11373 232 165 can
17562 11373 493 165 happen

15430 11539 320 165 until
15793 11539 345 165 after
16185 11539 300 165 July
16532 11539 140 165 1.
16692 11539 360 165 1920.
17187 11539 263 165 The
17495 11539 555 165 primary

15428 11706 945 165 election—that
16470 11706 252 165 will
16813 11706 417 165 decide
17320 11706 218 165 the
17623 11706 435 165 future

15428 11873 130 165 of
15637 11873 218 165 tha
15918 11873 730 165 state—will
16720 11873 295 165 take
17087 11873 343 165 place
17498 11873 125 165 in
17695 11873 368 165 June,

15430 12039 427 165 befora
15925 12039 218 165 the
16205 12039 270 165 new
16537 12039 310 165 laws
16917 12039 298 165 take
17262 12039 418 165 effect.

15587 12206 453 165 Unless
16107 12206 595 165 referred,
16767 12206 351 165 these
17187 12206 496 165 various
17752 12206 308 165 laws

15438 12389 254 165 will
15778 12389 344 165 come
16207 12389 260 165 into
16550 12389 372 165 effect
17005 12389 298 165 July
17375 12389 258 165 1st.
17777 12389 293 165 But,

15448 12556 95 165 if
15657 12556 223 165 the
15970 12556 445 165 league
16505 12556 313 165 wins
16918 12556 129 165 in
17145 12556 367 165 June,
17602 12556 111 165 it
17807 12556 253 165 will

15447 12723 365 165 make
15903 12723 332 165 little
16327 12723 660 165 difference
17078 12723 335 165 what
17510 12723 300 165 they
17903 12723 169 165 do

15447 12889 136 165 in
15670 12889 222 165 the
15970 12889 477 165 future.
16590 12889 318 165 And,
16995 12889 95 165 if
17195 12889 300 165 they
17583 12889 259 165 lose
17938 12889 132 165 in

15448 13056 367 165 June,
15860 13056 222 165 the
16128 13056 427 165 people
16595 13056 128 165 of
16763 13056 222 165 the
17032 13056 341 165 state
17420 13056 228 165 can
17692 13056 366 165 stand

15448 13223 332 165 their
15872 13223 378 165 worst
16337 13223 211 165 for
16638 13223 225 165 the
17023 13223 690 165 remaining
17872 13223 205 165 six

15450 13406 497 165 months
15990 13406 128 165 of
16202 13406 261 165 this
16510 13406 348 165 year.

12833 18789 500 165 manes.
15490 18789 605 165 members
16158 18789 124 165 of
16362 18789 208 165 the
16630 18789 695 165 committee
17390 18789 152 165 on
17605 18789 507 165 delayed

12950 18956 255 165 The
13308 18956 814 165 professional
14225 18956 742 165 politiciians
15142 18956 285 165 may
15500 18956 283 165 bills
15867 18956 223 165 W
16185 18956 617 165 switched,
16877 18956 240 165 and
17202 18956 211 165 the
17492 18956 210 165 bill
17863 18956 257 165 was

12760 19123 365 165 angle
13218 19123 209 165 for
13525 19123 528 165 position
14143 19123 152 165 as
14390 19123 363 165 much
14843 19123 147 165 as
15088 19123 294 165 they

12760 19289 245 165 like
13127 19289 223 165 but
13435 19289 218 165 the
13732 19289 490 165 general
14312 19289 401 165 public
14803 19289 284 165 gets
15172 19289 210 165 the

12763 19456 249 165 last
13078 19456 274 165 say.
13502 19456 280 165 And
13848 19456 212 165 the
14097 19456 288 165 fight
14528 19456 122 165 in
14723 19456 257 165 this
15053 19456 332 165 state

12768 19623 107 165 is
12972 19623 498 165 against
13572 19623 840 165 Townleyism.
14562 19623 320 165 That
15057 19623 328 165 issue

12763 19806 855 165 overshadows
13703 19806 170 165 all
13962 19806 463 165 others.

12938 23389 259 165 Th«
13230 23389 832 165 undersigned
14135 23389 443 165 wishes
14645 23389 138 165 to
14848 23389 282 165 give
15192 23389 223 165 no-

12795 23556 245 165 tice
13115 23556 287 165 that
13475 23556 300 165 they
13845 23556 317 165 have
14240 23556 270 165 sold
14583 23556 329 165 their
14992 23556 431 165 imple-

12788 23739 347 165 ment
13210 23739 565 165 business
13858 23739 130 165 in
14072 23739 443 165 Litnon
14592 23739 140 165 to
14813 23739 412 165 Petrie
15308 23739 107 165 &

12803 23906 460 165 Klaudt
13338 23906 242 165 and
13658 23906 280 165 that
14015 23906 172 165 all
14265 23906 200 165 old
14540 23906 578 165 accounts
15198 23906 219 165 are

12802 24073 235 165 due
13118 24073 242 165 and
13452 24073 518 165 payable
14053 24073 135 165 to
14268 24073 217 165 the
14567 24073 858 165 undersigned.

12810 24239 203 165 All
13072 24239 795 165 outstanding
13928 24239 287 165 bills
14273 24239 254 165 will
14587 24239 273 165 also
14920 24239 148 165 be
15137 24239 283 165 paid

18065 13423 32 91 1

15603 13573 260 165 The
15907 13573 531 165 decision
16480 13573 128 165 of
16687 13573 221 165 the
16953 13573 354 165 court
17350 13573 740 165 practically

15458 13739 532 165 nullifies
16062 13739 216 165 the
16350 13739 367 165 effect
16792 13739 123 165 of
17002 13739 211 165 the
17285 13739 457 165 special
17815 13739 278 165 ses-

15452 13906 275 165 sion
15768 13906 152 165 so
15965 13906 217 165 far
16232 13906 151 165 as
16430 13906 540 165 political
17012 13906 245 165 and
17300 13906 332 165 spite
17677 13906 411 165 meas-

15452 14073 291 165 ures
15788 14073 227 165 are
16087 14073 706 165 concerned.
16935 14073 325 165 Only
17302 14073 298 165 such
17683 14073 404 165 meas-

15463 14256 289 165 ures
15833 14256 155 165 as
16067 14256 221 165 the
16363 14256 589 165 minority
17035 14256 447 165 agreed
17575 14256 180 165 to,
17838 14256 239 165 and

15455 14423 392 165 wihch
15957 14423 501 165 secured
16562 14423 90 165 a
16755 14423 702 165 two-thirds
17555 14423 288 165 vote
17947 14423 136 165 in

15458 14589 355 165 each'
15858 14589 420 165 house,
16342 14589 225 165 are
16655 14589 703 165 imediately
17442 14589 631 165 effective.

15612 14756 263 165 The
15962 14756 796 165 constitution
16858 14756 132 165 of
17098 14756 397 165 North
17602 14756 481 165 Dakota

15468 14923 564 165 provides
16122 14923 283 165 that
16502 14923 358 165 other
16958 14923 305 165 than
17362 14923 725 165 emergency

15465 15089 627 165 measures
16187 15089 491 165 become
16765 15089 570 165 effective
17425 15089 298 165 July
17872 15089 215 165 1st

15453 15256 644 165 following
16180 15256 577 165 passage.
16895 15256 260 165 The
17232 15256 443 165 league
17827 15256 265 165 was

15463 15439 447 165 unable
16002 15439 141 165 to
16243 15439 475 165 muster
16813 15439 597 165 sufficient
17508 15439 580 165 strength

15462 15606 141 165 to
15678 15606 360 165 mike
16110 15606 737 165 emertrency
16918 15606 634 165 measures
17623 15606 129 165 of
17838 15606 257 165 any

15458 15773 135 165 of
15707 15773 326 165 their
16140 15773 213 165 pet
16458 15773 355 165 laws.
16948 15773 294 165 Just
17345 15773 430 165 before
17875 15773 225 165 the

15462 15939 336 165 close
15840 15939 128 165 of
16067 15939 216 165 the
16328 15939 527 165 session,
16930 15939 297 165 thev
17295 15939 318 165 tried
17682 15939 136 165 to
17865 15939 223 165 ov-

15462 16106 485 165 ercome
16030 16106 262 165 this
16372 16106 603 165 situation
17065 16106 170 165 by
17322 16106 783 165 introducing

15463 16273 175 165 H.
15685 16273 148 165 B.
15895 16273 202 165 60,
16138 16273 392 165 which
16597 16273 560 165 declared
17225 16273 173 165 all
17465 16273 635 165 measures

15477 16439 443 165 nassed
15993 16439 144 165 to
16203 16439 155 165 be
16430 16439 133 165 in
16632 16439 376 165 effect
17085 16439 213 165 ten
17368 16439 324 165 days
17737 16439 353 165 after

15473 16606 575 165 nassasre.
16250 16606 265 165 The
16560 16606 588 165 minority
17292 16606 458 165 foueht
17885 16606 223 165 the

15468 16789 614 165 measure,
16125 16789 240 165 and
16437 16789 491 165 nointed
16988 16789 225 165 out
17258 16789 280 165 that
17605 16789 223 165 the
17873 16789 227 165 bill

15487 16956 276 165 flew
15833 16956 527 165 directly
16437 16956 133 165 in
16648 16956 224 165 the
16940 16956 292 165 face
17308 16956 134 165 of
17528 16956 224 165 the
17827 16956 286 165 pro-

15478 17123 462 165 visions
16002 17123 123 165 of
16200 17123 217 165 the
16478 17123 835 165 constitution.
17458 17123 259 165 The
17782 17123 333 165 corn-

15970 17289 153 110 on
16182 17289 496 110 delayed
16740 17223 280 176 bn,s
17052 17289 131 110 fim
17412 17289 493 110 rpfu8ed
17972 17289 131 110 to

15937 17473 200 110 the
16210 17406 600 177 mPasure.

16880 17406 540 165 SpeaSt-r
17492 17406 336 165 Stair
17892 17406 223 165 ad-

15492 17556 496 177 1-0,lrnpd
16068 17623 214 110 the
16353 17623 375 110 house
16807 17623 201 110 for
17085 17623 72 110 a

17228 17556 352 177 ^ort
17653 17623 454 110 rece88

16303 17756 582 177 cornerod

16948 17756 212 165 the
17228 17756 437 165 league
17728 17756 387 165 mem-

16272 17989 338 110 comm

16665 17923 300 165 ttee
17010 17923 162 165 on
17225 17923 503 165 delaved
17785 17923 322 165 bills,

15485 18139 108 110 Tf
15703 18139 244 110 wflR
16053 18139 285 110 thm
16437 18139 348 110 whi)e
16887 18139 438 110 OTlenlv

15843 18323 587 110 Kositzky

17495 18089 615 165 lobbying,

16510 18273 663 165 demanded
17253 18273 279 165 that
17608 18273 507 165 Frazier

15957 18406 438 177 L(,mke
16450 18473 202 110 for
16708 18473 294 110 such
17065 18406 608 177 lobhvinff.
17727 18473 378 110 When

15493 18639 205 110 the
15750 18639 375 110 house
16160 18589 552 165 rPS„med
16788 18639 157 110 itg
17003 18639 367 110 work
17425 18639 205 110 the
17663 18639 439 110 1eacue

15457 23273 18 110 1

15497 19139 596 165 admitted
16177 19139 231 165 pM
16488 19139 480 165 passed.
17118 19139 250 165 The
17442 19139 428 165 senate
17940 19139 188 165 a'-

15508 19306 147 165 so
15737 19306 443 165 passed
16272 19306 140 165 it.
16560 19306 242 165 But
16897 19306 125 165 in
17113 19306 209 165 the
17478 19306 384 165 house
18028 19306 99 165 it

15507 19489 378 165 failed
15968 19489 139 165 to
16190 19489 420 165 secure
16693 19489 732 165 twe-thirds.
17573 19489 369 165 Tims,
18037 19489 90 165 it

15510 19656 347 165 could
15953 19656 214 165 not
16260 19656 148 165 be
16502 19656 551 165 declared
17148 19656 162 165 an
17405 19656 725 165 emergency

15505 19823 558 165 measure
16135 19823 380 165 under
16585 19823 217 165 the
16865 19823 830 165 constitution.

15660 19989 142 165 In
15867 19989 308 165 view
16238 19989 120 165 of
16433 19989 212 165 the
16702 19989 263 165 fact
17028 19989 274 165 that
17367 19989 288 165 four
17718 19989 124 165 of
17920 19989 210 165 the

15515 20156 223 165 five
15848 20156 604 165 members
16553 20156 127 165 of
16795 20156 210 165 the
17112 20156 565 165 sunreme
17778 20156 354 165 court

15507 20323 316 165 we™
15893 20323 602 165 leaguers,
16553 20323 240 165 and
16862 20323 273 165 that
17203 20323 289 165 four
17553 20323 320 165 were
17932 20323 206 165 '•e-

15512 20489 425 165 puired
16035 20489 137 165 to
16268 20489 280 165 vote
16642 20489 503 165 against
17245 20489 575 165 allowing
17917 20489 216 165 the

15505 20656 563 165 measure
16173 20656 130 165 to
16398 20656 490 165 become
16995 20656 823 165 immediately
17920 20656 223 165 op-

15512 20839 508 165 erative.
16120 20839 210 165 the
16437 20839 431 165 league
16970 20839 425 165 bosses
17495 20839 235 165 had
17828 20839 305 165 high

15505 21006 387 165 hones
15992 21006 271 165 that
16363 21006 295 165 they
16828 21006 249 165 had
17247 21006 886 165 accomplished

15512 21173 328 165 their
15903 21173 522 165 purpose
16492 21173 130 165 in
16678 21173 330 165 spite
17063 21173 129 165 of
17267 21173 213 165 the
17540 21173 603 165 constitu-

15512 21339 305 165 tion.

15673 21539 239 165 But
16005 21539 212 165 the
16303 21539 539 165 attemnt
16930 21539 260 165 was
17282 21539 210 165 too
17578 21539 265 165 raw
17930 21539 208 165 for

15517 21706 300 165 even
15873 21706 349 165 three
16258 21706 124 165 of
16462 21706 211 165 the
16710 21706 290 165 four
17068 21706 607 165 leaeruers.
17828 21706 322 165 Rob-

15525 21873 348 165 inson
15965 21873 288 165 only
16353 21873 352 165 stood
16870 21873 208 165 for
17257 21873 135 165 it.
17545 21873 562 165 Birdsall,

15522 22039 386 165 Grace
16000 22039 248 165 and
16345 22039 552 165 Bronsop
16987 22039 318 165 were
17397 22039 211 165 the
17705 22039 437 165 league

15525 22223 563 165 supreme
16205 22223 348 165 court
16670 22223 605 165 members
17395 22223 277 165 who
17778 22223 364 165 voted

15528 22389 499 165 against
16142 22389 211 165 the
16468 22389 792 165 pronosition.
17410 22389 337 165 They
17862 22389 283 165 hald

15525 22556 278 165 that
15888 22556 217 165 the
16185 22556 213 165 bill
16488 22556 330 165 itself
16923 22556 257 165 was
17262 22556 220 165 not
17573 22556 129 165 in
17777 22556 370 165 effect

15523 22723 315 165 until
15953 22723 292 165 July
16357 22723 243 165 1st,
16707 22723 238 165 and
17062 22723 628 165 therefore
17793 22723 359 165 could

15522 22906 220 165 not
15813 22906 340 165 place
16220 22906 247 165 any
16530 22906 353 165 other
16948 22906 239 165 law
17253 22906 134 165 in
17453 22906 700 165 immediate

15515 23056 417 165 effect.

15682 23273 301 165 This
16077 23273 528 165 decision
16712 23273 110 165 is
16922 23273 126 165 of
17157 23273 216 165 the
17465 23273 328 165 most
17887 23273 278 165 far-

15530 23439 582 165 reaching
16193 23439 792 165 importance.
17130 23439 258 165 The
17463 23439 355 165 usual
17893 23439 265 165 fair

15533 23606 550 165 primary
16137 23606 511 165 election
16712 23606 110 165 is
16862 23606 278 165 now
17200 23606 557 165 assured.
17902 23606 255 165 The

15537 23773 365 165 effort
16013 23773 135 165 to
16265 23773 822 165 immediately
17197 23773 330 165 treat
17633 23773 527 165 Lang»r,

15540 23939 287 165 Hall
15885 23939 237 165 and
16185 23939 598 165 Kositzky
16842 23939 145 165 qs
17048 23939 307 165 Miss
17418 23939 457 165 Nelson
17912 23939 230 165 has

15537 24106 305 165 been
15942 24106 476 165 treated
16517 24106 110 165 is
16725 24106 607 165 defeated.
17473 24106 340 165 They
17903 24106 252 165 will

15542 24273 566 165 continue
16208 24273 130 165 to
16427 24273 560 165 function
17072 24273 151 165 as
17318 24273 130 165 of
17550 24273 203 165 old
17835 24273 315 165 until

15538 24439 297 165 July
15912 24439 56 165 1
15993 24439 127 165 st.
16187 24439 330 165 next.
16668 24439 207 165 By
16915 24439 278 165 that
17282 24439 300 165 time
17648 24439 224 165 the
17940 24439 220 165 big

15548 24623 287 165 fight
15927 24623 240 165 will
16237 24623 148 165 be
16445 24623 327 165 over.

15978 24756 699 165 (Continued
16753 24756 155 165 on
16988 24756 354 165 Pace.
17377 24756 350 165 Five)

15687 25506 208 110 V\':
